@book{Pomerance1994,
    author = {C. Pomerance},
    year = {1994},
    title = {The number ﬁeld sieve},
    % pages = {256}
}
@book{Pomerance1982,
    author = {C. Pomerance},
    year = {1982},
    title = {Analysis and comparison of some integer factoring algorithms},
    % pages = {256}
}
@book{Eratostenes200,
    author = {Eratostenes de Cirene},
    year = {200 a.C.},
    % title = {Factoring integers with elliptic curves},
    % pages = {256}
}
@book{Lenstra1987,
    author = {H.W. Lenstra},
    year = {1987},
    title = {Factoring integers with elliptic curves},
    % pages = {256}
}
@book{Lawrence1895,
    author = {F.W. Lawrence},
    year = {1895},
    title = {Factorisation of numbers, Messinger of Math},
    % pages = {256}
}
@book{Fermat1894,
    author = {Fermat},
    year = {1894},
    title = {Oeuvres de Fermat},
    pages = {256}
}
@book{Knuth1976,
    author = {D. E. Knuth and L. Trabb Pardo},
    year = {1975},
    title = {Analysis of a simple factorization algorithm},
    pages = {321 - 348}
}
@book{Pollard1975,
    author = {J. M. Pollard},
    year = {1975},
    title = {A Monte Carlo method for factorization},
}

@book{Pollard1974,
    author = {J. M. Pollard},
    year = {1974},
    title = {Theorems on factorization and primality testing},
}
@book{Hart2012,
    author = {W. B. Hart},
    year = {2012},
    title = {A one line factoring algorithm},
}

@book{Morrison1975,
    author = {M. A. Morrison and J. Brillhar},
    year = {1975},
    title = {A method of factoring and the factorization of F7},
}
@book{NZM1991,
    author = {I. Niven and H. S. Zuckerman and H. L. Montgomery},
    year = {1991},
    % month = {01},
    pages = {1},
    title = {An Introduction to the Theroy of Numbers},
    % volume = {8}
}

@book{HW1975,
    author = {G. H. Hardy and E. M. Wright},
    year = {1975},
    % month = {01},
    % pages = {21-34},
    title = {An Introduction to the Theory of Numbers},
}

@book{Wagstaff2013,
    author = {S. S. Wagstaff, Jr.},
    year = {2013},
    % month = {01},
    pages = {17},
    title = {The Joy of Factoring},
}

@book{Cormen2009,
    author = {T. H. Cormen and C. E. Leiserson and R. L. Rivest and C. Stein},
    year = {2009},
    % month = {01},
    pages = {47},
    title = {Introduction to Algorithms},
}
@inproceedings{ingenieria-requisitos-app-web,
    author = {Escalona, M.J. and Koch, Nora},
    year = {2003},
    month = {01},
    pages = {},
    title = {Ingenieria de Requisitos en Aplicaciones para la Web: Un estudio Comparativo}
}

@article{Combéfis-Wautelet,
    author = {Combéfis, Sébastien and Wautelet, J.},
    year = {2014},
    month = {07},
    pages = {21-34},
    title = {Programming Trainings and Informatics Teaching Through Online Contests},
    volume = {8}
}

@article{Combéfis-Saint_Marcq,
    author = {Combéfis, Sébastien and Saint-Marcq, Vianney},
    year = {2012},
    month = {07},
    % pages = {31-43},
    title = {Teaching Programming and Algorithm Design with Pythia, a Web-Based Learning Platform},
    volume = {6}
}

@unknown{Balanskat-Engelhardt,
    author = {Balanskat, Anja and Engelhardt, Katja},
    year = {2015},
    month = {10},
    pages = {},
    title = {Computing our future: Computer programming and coding - Priorities, school curricula and initiatives across Europe}
}

@INPROCEEDINGS{Wing,
    author={J. M. {Wing}},
    booktitle={2011 IEEE Symposium on Visual Languages and Human-Centric Computing (VL/HCC)},
    title={Computational thinking},
    year={2011},
    volume={},
    number={},
    % pages={3-3}
}

@misc{icpc-glogal,
    author={{ICPC Global}},
    title={{About ICPC }},
    year = {2020},
    month = {07},
    note={Recuperado 29 de julio de 2020, de \url{https://icpc.global/regionals/abouticpc}}
}

@article{KURNIA2001299,
    title = "Online Judge",
    journal = "Computers & Education",
    volume = "36",
    number = "4",
    pages = "299 - 315",
    year = "2001",
    issn = "0360-1315",
    doi = "https://doi.org/10.1016/S0360-1315(01)00018-5",
    url = "http://www.sciencedirect.com/science/article/pii/S0360131501000185",
    author = "Andy Kurnia and Andrew Lim and Brenda Cheang",
    keywords = "Automatic grading system, Online judge, Programming assignments",
    abstract = "This report describes and evaluates the implementation and applicability of an automatic programming assignment grading system we named the online judge. We compared this with the manual grading system that is currently being used and showed that the automatic grading system, when implemented carefully, is more convenient, fairer, and more secure than the former. We have successfully tested the system on two courses. However, further studies need to be conducted to improve the effectiveness of learning through this system."
}

@misc{codeforces,
    author={{Codeforces}},
    title={{About Codeforces }},
    note={Recuperado 29 de julio de 2020, de \url{https://codeforces.com/}}
}

@misc{spoj,
    author={{SPOJ}},
    title={{About SPOJ }},
    year = {2020},
    month = {07},
    note={Recuperado 29 de julio de 2020, de \url{https://www.spoj.com/}}
}

@misc{topcoder,
    author={{TopCoder}},
    title={{About SRM }},
    % year = {2020},
    % month = {07},
    note={Recuperado 29 de julio de 2020, de \url{https://www.topcoder.com/}}
}

@misc{codechef,
    author={{CodeChef}},
    title={{About CodeChef }},
    % year = {2020},
    % month = {07},
    note={Recuperado 29 de julio de 2020, de \url{https://www.codechef.com/}}
}

@INPROCEEDINGS{frontend-backend,
    author={H. M. {Abdullah} and A. M. {Zeki}},
    booktitle={2014 3rd International Conference on Advanced Computer Science Applications and Technologies},
    title={Frontend and Backend Web Technologies in Social Networking Sites: Facebook as an Example},
    year={2014},
    volume={},
    number={},
    pages={85-89}
}

@misc{visualgo,
    author={{Visualgo}},
    title={{About Visualgo}},
    year = {2020},
    % month = {07},
    note={Recuperado 30 de julio de 2020, de \url{https://visualgo.net/}}
}

@misc{algoexpert,
    author={{Algoexpert}},
    title={{About Algoexpoert.io}},
    % year = {2020},
    % month = {07},
    note={Recuperado 30 de julio de 2020, de \url{https://www.algoexpert.io}}
}

@misc{coursera,
    author={{Coursera}},
    title={{About Coursera}},
    year = {2020},
    % month = {07},
    note={Recuperado 30 de julio de 2020, de \url{https://about.coursera.org/}}
}
